<?xml version="1.0" encoding="UTF-8"?><collection xmlns="http://www.loc.gov/MARC21/slim"><record><leader>00400nam--2200145-i-4500</leader><controlfield tag="001">000003171</controlfield><controlfield tag="002">20161230</controlfield><controlfield tag="005">20170127203506</controlfield><controlfield tag="008">060222s1000------------r-----000-0-eng-d</controlfield><datafield ind1=" " ind2=" " tag="100"><subfield code="a">Blunck, Rudolf</subfield></datafield><datafield ind1=" " ind2=" " tag="245"><subfield code="a">Massystem, naturkonstanten und grenzen des phy sikalischen universums</subfield></datafield><datafield ind1=" " ind2=" " tag="260"><subfield code="a">Bad Nauheim</subfield><subfield code="b">Lempelius-Verlag</subfield><subfield code="c">1956</subfield></datafield><datafield ind1=" " ind2=" " tag="300"><subfield code="a">100 p</subfield></datafield><datafield ind1=" " ind2=" " tag="852"><subfield code="a">12659</subfield></datafield><datafield ind1=" " ind2=" " tag="CAT"><subfield code="a">SYS</subfield><subfield code="c">20170127</subfield><subfield code="h">203506</subfield></datafield></record></collection>